1778 2935
856 77 916 120 40

113 229 182 272 his
221 228 463 286 exemplis:
507 228 699 272 Phaedr.
740 243 783 296 p.
815 229 901 273 260
932 228 992 272 Β.
1034 227 1260 279 συντιθεὶς
1304 221 1429 297 2922?
1473 224 1651 284 {amaror

62 316 85 356 ῃ
112 300 225 349 κατὰ
281 304 359 349 τοῦ
410 298 526 349 ὄνου.
600 303 753 363 Symp.
797 320 840 362 p.
884 305 967 348 177
1007 304 1071 349 Β.
1094 297 1274 369 Q
1276 303 1431 366 εἰπεῖν
1472 318 1652 356 επαινον

107 362 303 437 Ἔρωτός.

227 453 293 497 Ut
321 454 498 511 singula
526 455 690 509 verba,
720 456 783 497 ita
813 456 945 497 etiam
967 455 1168 512 singulae
1187 454 1342 500 literae
1359 417 1651 511 interpolatae

110 530 411 586 reperiuntur,
468 543 584 586 quae
630 534 680 572 ut
722 529 834 573 locis
878 530 1097 587 corruptis
1144 530 1374 588 integritas
1426 527 1650 583 reddatur,

111 603 340 649 eiciendas
369 609 484 648 sunt.
540 603 807 661 Incipiamus
837 619 866 647 a
895 604 1031 662 Soph.
1071 620 1114 662 p.
1146 605 1232 649 235
1260 604 1348 659 A,v
1379 606 1537 649 ΘΕΑΙ.
1575 617 1649 645 και

110 679 209 728 πῶς
237 673 312 732 ἄν,
344 672 382 720 ὦ
409 676 529 733 ξένε,·
577 674 695 723 ἀλλὰ
726 673 883 732 σχεδὸν
913 673 1000 736 ἤδη
1028 677 1171 739 σαφὲς
1199 677 1247 722 ἐκ
1277 679 1366 723 τῶν
1393 676 1650 739 εἰρημένων,

109 749 177 797 ὅτι
207 753 297 797 ταῖν
326 753 406 811 τῆς
445 754 638 806 παιδιᾶς
673 749 941 809 μετεχόντων
970 751 1067 798 ἐστι’
1096 769 1164 804 τις
1205 752 1416 813 Πμερῶν]
1456 753 1531 802 Es.
1574 751 1650 803 Εἰς

109 824 246 887 γόητα
274 828 353 884 μὲν
379 825 436 886 δὴ
465 828 542 872 καὶ
571 824 766 887 μιμητὴν
795 824 882 889 ἄρα
912 828 1066 875 θετέον
1094 825 1204 875 τινὰ.
1250 831 1321 874 De
1351 829 1550 887 sophista
1579 829 1650 873 hic

109 905 254 961 agitur
282 904 433 947 verbis
462 905 652 961 apertis,
695 910 1006 961 praeterquam
1048 903 1166 961 quod
1197 905 1340 965 μερῶν
1369 905 1489 948 haud
1517 903 1649 949 dubie

110 985 363 1036 corruptum
405 984 485 1024 est.
541 978 633 1022 Alii
672 979 802 1023 aliter
844 980 931 1023 hoc
970 980 1235 1023 vocabulum
1273 980 1507 1024 emendare
1542 995 1649 1024 coe-

109 1059 291 1111 perunt,
330 1053 412 1097 sed
452 1068 632 1109 omnes,
672 1060 723 1097 ut
750 1053 948 1109 videtur,
990 1054 1237 1098 infeliciter.
1296 1053 1517 1111 Equidem
1545 1055 1650 1097 mihi

109 1130 313 1186 persuasi
341 1130 486 1188 μερῶν
523 1129 663 1172 literis
693 1144 742 1189 ερ
769 1131 957 1173 invectis
995 1130 1283 1186 depravatum
1325 1143 1425 1173 esse
1458 1143 1516 1173 ex
1553 1131 1649 1183 μῶν

108 1203 244 1261 idque
274 1210 378 1248 ante
407 1204 548 1248 verba
576 1202 641 1253 εἰς
658 1197 794 1262 γόητα
824 1205 1211 1262 transponendum.
1253 1205 1367 1248 Nam
1397 1205 1510 1248 hanc
1539 1220 1648 1249 eon-

110 1282 378 1324 iunctionem
423 1281 508 1323 hoc
552 1280 651 1323 loco
698 1295 798 1324 esse
838 1281 1064 1336 idoneam,
1110 1281 1386 1338 Hartungius
1425 1282 1563 1325 docet
1603 1283 1648 1324 in

108 1354 222 1397 libro
255 1354 311 1397 de
340 1357 495 1411 partic.
526 1369 671 1412 graec.
693 1355 739 1397 II
768 1369 810 1412 p.
831 1356 934 1410 161,
964 1356 1041 1399 ubi
1069 1355 1156 1399 loci
1187 1370 1285 1399 cum
1313 1356 1408 1409 μῶν
1429 1357 1649 1399 coniuncti

107 1431 414 1484 inveniuntur,
451 1430 498 1476 in
534 1432 661 1476 herten
700 1431 768 1476 bet
808 1430 1025 1487 ngtaube
1064 1433 1148 1477 unb
1185 1432 1262 1477 buz
1300 1432 1538 1486 ffieftemben
1574 1432 1649 1477 mit

107 1505 311 1562 fteubiqet
327 1504 648 1563 nebetrafcbung
672 1511 840 1562 genam
870 1506 938 1560 ist,
965 1506 1049 1552 unb
1077 1507 1138 1552 bie
1154 1507 1283 1563 (ἐαῷι
1302 1508 1413 1563 mebi:
1435 1506 1648 1564 gemiinftbt

107 1580 176 1626 01ss
201 1581 410 1640 gefflrcfflet
430 1582 545 1627 mitb.
562 1606 620 1612 —
636 1581 777 1626 Simili
801 1581 934 1625 modo
962 1582 1218 1626 emendatur
1242 1582 1415 1627 Charm.
1433 1598 1475 1640 p.
1492 1583 1576 1626 163
1589 1583 1646 1638 D,

106 1657 183 1700 ubi
211 1657 373 1715 legitur
401 1659 447 1701 in
471 1658 571 1703 fflssg
609 1653 701 1703 ἀλλ’
737 1651 822 1716 ἐγώ
849 1673 920 1702 σοι
949 1656 1170 1704 τίθεσθαι
1197 1657 1277 1713 μὲν
1307 1660 1393 1703 τῶν
1419 1654 1646 1713 ὀνομάτων

107 1730 277 1787 δίδωμι
307 1727 399 1791 ὅπῃ
427 1727 480 1777 ἃν
511 1731 627 1791 θέλη
652 1731 851 1778 ἕκαστον.
897 1733 1117 1778 Vitiosum
1142 1732 1277 1792 θέλῃ,
1308 1749 1389 1792 pro
1417 1748 1504 1791 quo
1537 1734 1645 1778 sub-

106 1808 377 1852 stituendum
418 1808 596 1852 videtur
633 1809 699 1866 θῇ
711 1841 722 1860 ,
766 1824 866 1852 nam
912 1811 1023 1853 haee
1062 1811 1189 1853 verbi
1225 1812 1429 1867 repetitio
1469 1811 1645 1854 Platoni

105 1885 403 1927 usitatissima.
441 1883 544 1927 Hoc
573 1889 722 1928 autem
751 1884 1015 1928 vocabulum
1045 1885 1208 1943 glossis
1238 1891 1541 1943 asperserunt,
1570 1886 1646 1930 alii
1677 1877 1682 1882 ’

103 1974 186 2016 per
215 1956 393 2004 ἐθέλειν
430 1962 732 2018 interpretati,
773 1961 848 2003 alii
884 1960 955 2016 (ut
982 1963 1028 2003 in
1057 1961 1101 2008 Ξ
1125 1959 1232 2015 Grs)
1269 1975 1351 2018 per
1379 1954 1642 2014 βούλεσθαι.

220 2033 324 2076 Non
361 2049 449 2077 una
474 2034 575 2077 0sed
619 2034 793 2078 duabus
835 2027 1248 2092 interpolationibus
1293 2042 1500 2094 corrupta
1541 2041 1645 2079 sunt

103 2111 222 2153 haec>
240 2109 381 2153 verba
418 2109 555 2167 Soph.
586 2124 629 2167 p.
662 2111 746 2155 217
777 2109 839 2153 B:
882 2109 977 2153 Καὶ
1006 2108 1085 2165 μὲν
1116 2106 1173 2168 δὴ
1203 2107 1314 2156 κατὰ
1343 2107 1473 2168 τύχην
1502 2126 1569 2167 γε,
1607 2106 1645 2154 ὦ

102 2177 358 2243 Σώκρατες,
397 2180 535 2244 λόγων
573 2178 799 2240 ἐπελάθου
833 2184 1166 2245 παραπλησίων
1195 2180 1256 2229 ὦν
1286 2184 1361 2229 καὶ
1393 2184 1501 2244 πρὶν
1529 2181 1644 2243 ἡμᾶς

102 2255 216 2317 δεῦρ’
247 2257 399 2305 ἐλθεῖν
438 2261 736 2320 διερωτῶντες
772 2255 904 2306 αὐτὸν
939 2254 1235 2320 ε’τψχάνομεν.
1296 2260 1464 2305 Contra
1503 2276 1643 2306 voca-

101 2337 253 2381 bulum
290 2330 409 2394 ἦμᾶς
447 2338 640 2399 clamant
677 2338 802 2395 leges
831 2340 1144 2396 grammaticae
1179 2352 1369 2396 graecae
1405 2340 1641 2394 mirorque,

101 2412 222 2468 quod
266 2412 460 2457 editores
509 2413 595 2457 hoe
645 2414 799 2457 vitium
848 2418 939 2456 tam
983 2414 1204 2469 patienter
1241 2412 1447 2457 tulerunt.
1506 2412 1640 2456 Adde

101 2487 222 2544 quod
253 2486 328 2531 καὶ
359 2488 467 2545 quid
496 2490 569 2532 hic
597 2488 682 2533 sibi
713 2488 847 2544 velit,
877 2502 1007 2533 nemo
1037 2494 1191 2546 potest
1217 2481 1378 2533 dicer'e.
1412 2510 1416 2513 >
1438 2486 1571 2542 Quod
1600 2489 1640 2533 si

100 2565 168 2606 vis
198 2577 402 2615 servare,
443 2577 542 2606 cum
574 2562 747 2606 Cobeto
784 2563 866 2606 tibi
903 2559 1018 2620 ἡμᾶς
1056 2564 1101 2605 in
1138 2557 1262 2622 ἡμεῖς
1298 2563 1554 2606 mutandum
1595 2570 1641 2607 et

99 2643 203 2682 ante
231 2636 342 2698 πρὶν
367 2638 633 2696 ponendum.
685 2637 799 2682 Tum
828 2652 936 2681 vero
968 2644 1173 2696 superest
1202 2638 1442 2683 difficultas
1470 2653 1639 2696 prono-

98 2716 227 2758 minis
255 2714 432 2758 relativi
452 2708 534 2765 ὦν,
562 2729 664 2757 nam
686 2713 1012 2772 παραπλησίων
1031 2729 1256 2771 nunquam
1269 2714 1391 2771 apud
1405 2714 1638 2760 Platonem
