1778 2935
858 104 916 149 48

119 262 188 301 est
225 259 542 303 sententiarum
572 260 784 315 conexi03
826 261 1052 317 quaeritur
1090 261 1229 318 igitur
1253 273 1393 314 nunc,
1432 272 1522 315 qua
1550 273 1657 319 par-

117 332 254 376 ticula
303 333 418 377 duae
470 336 637 391 primae
691 337 1013 380 enuntiationes
1066 338 1180 380 inter
1229 349 1278 378 se
1322 337 1494 392 possint
1546 350 1656 380 con-

118 409 291 463 sociari,
321 422 423 452 nam
446 406 497 454 δὲ
524 409 687 454 falsum
717 423 816 455 esse
845 410 980 455 facile
1002 408 1328 456 demonstratur
1356 410 1440 455 hac
1466 411 1655 456 ratione:

117 483 266 527 Locus
296 484 432 529 habet
460 487 590 529 trium
620 485 839 529 factorum
869 487 1052 541 seriem,
1082 499 1270 543 quorum
1297 487 1423 543 prius
1447 485 1657 543 quodque

117 561 379 615 posterioris
408 574 542 605 causa
572 566 653 605 est.
713 560 846 615 Quod
875 563 990 606 enim
1021 560 1261 620 Ctesippus
1298 561 1434 620 longe
1461 566 1657 605 remotus

116 649 144 677 a
173 633 318 678 Clinia
356 635 543 679 sedebat
556 667 568 690 ,
613 650 712 679 cum
750 650 913 693 corpus
952 635 1185 681 inclinaret
1223 634 1556 693 Euthydemus,
1597 634 1656 680 ‘ab

119 711 212 752 eius
242 715 427 767 aspectu
456 711 705 767 prohibitus
738 717 819 754 est.
864 711 998 765 Quod
1023 710 1266 769 Ctesippus
1296 710 1543 768 prohibitus
1573 716 1656 765 est,

117 777 260 843 surgit
298 793 345 829 et
384 792 488 830 ante
526 786 758 831 Socratem
801 787 1015 831 consistit.
1076 787 1209 841 Quod
1238 786 1477 845 Ctesippus
1516 787 1658 844 surgit

117 866 163 904 et
191 866 294 904 ante
325 860 554 906 Socratem
597 858 837 920 eonsisfiu·
858 863 934 907 alii
975 865 1107 907 etiam
1128 869 1357 907 ‘amatores
1387 869 1574 926 surgunt
1610 869 1658 907 et

116 943 218 980 ante
253 934 483 982 Socratem
513 934 791 982 consistmntfl
802 939 989 983 >Nonne
1019 940 1170 993 vides,
1217 940 1439 996 quomodo
1469 940 1656 983 alterum

117 1027 174 1056 ex
190 1013 346 1056 *altero
377 1014 615 1057 nascatur?
672 1010 913 1058 Manifesto
951 1013 1085 1073 igitur
1121 1015 1290 1070 elucet,
1327 1015 1386 1058 ad
1415 1017 1657 1060 sententias

115 1090 230 1132 inter
274 1102 324 1132 se
369 1089 641 1147 copulandas
685 1090 798 1133 tales
844 1092 1172 1134 coniunctiones
1217 1104 1317 1135 esse
1368 1089 1656 1142 adhibendae,

116 1176 231 1219 quae
261 1166 618 1208 consecutionem
647 1164 853 1208 indicent.
914 1165 980 1209 Ut
1019 1167 1154 1223 igitur
1183 1157 1473 1223 enuntiationi
1498 1167 1657 1209 tertiae

116 1231 191 1282 οὖν
236 1238 509 1299 adiungitur,
556 1242 620 1283 ita
665 1242 797 1284 etiam
843 1242 1132 1284 enuntiationi
1175 1239 1399 1284 secundae
1441 1239 1659 1298 particula

115 1314 371 1357 conclusiva
400 1314 679 1359 adnectenda
709 1321 790 1359 est.
833 1314 960 1359 Haec
990 1321 1140 1359 autem
1167 1315 1385 1373 particula
1413 1317 1509 1359 sine
1522 1315 1656 1359 dubio

115 1395 185 1452 est
216 1384 395 1445 „a‘t'cvefi
439 1404 529 1446 qua
567 1390 774 1447 suppleta
803 1390 915 1434 haec
943 1390 1116 1448 periodi
1145 1405 1249 1448 pars
1279 1392 1491 1434 nascitur:
1535 1384 1657 1442 ὥςτε,

114 1458 177 1513 ὥς
205 1460 433 1522 ἐτύγχανεν
465 1461 489 1509 ὁ
506 1457 775 1521 Εὐθύδημος
804 1463 905 1519 ἐμοὶ
938 1459 1245 1523 διαλεγόμενος
1274 1459 1567 1523 προνενευκώς
1593 1461 1658 1513 εἷς

114 1535 166 1583 τό
196 1532 420 1596 πρόσθεν,
450 1538 496 1582 ἐν
526 1538 649 1595 μέσῳ
679 1535 805 1591 ὄντος
833 1533 957 1597 ἡμῶν
985 1540 1066 1583 τοῦ
1098 1539 1308 1583 Κλεινίου
1336 1531 1564 1583 ἐπεσκότει
1592 1538 1659 1595 τῷ

119 1613 379 1671 Κτησίππῳ
408 1615 487 1671 τῆς
517 1612 653 1664 θέας·
712 1606 980 1669 βουλόμενός
1006 1630 1054 1658 τε
1084 1607 1159 1658 οὖν
1186 1609 1449 1659 θεάσασθαι
1478 1609 1504 1657 ὁ
1530 1607 1657 1671 Κτή-

115 1703 287 1741 σιππος
314 1683 371 1734 τοὶ
400 1684 594 1733 παιδικά
623 1688 695 1733 καὶ
728 1683 823 1745 ἅμα
842 1681 1058 1748 φιλήκοος
1081 1684 1142 1731 α’ῗν
1166 1682 1458 1748 ἀναπηδήσας
1477 1689 1658 1747 πρῶτος

115 1763 336 1823 προσέστη
377 1760 478 1821 ἡμῖν
517 1762 562 1806 ἐν
598 1764 663 1820 τῷ
703 1757 965 1823 καταντικρύ
1004 1780 1042 1807 κ.
1067 1782 1106 1807 τ.
1132 1764 1172 1806 λ.
1232 1763 1527 1821 Interpretum
1567 1763 1656 1806 duo

113 1846 308 1896 tantum,
355 1840 477 1898 quod
517 1840 722 1897 equidem
759 1843 916 1896 sciam,
957 1841 1167 1899 vulgatae
1206 1830 1513 1884 difficultatem
1546 1853 1656 1883 sen-

114 1922 287 1971 serunt,
308 1930 397 1959 non
420 1916 715 1971 sustulerunt,
737 1916 1153 1960 Winckelmannum
1180 1915 1281 1960 dico
1303 1922 1349 1961 et
1370 1915 1660 1959 Badhamum.

114 1991 207 2036 Sed
254 1996 442 2047 uterque
487 1992 640 2034 miram
690 1990 922 2048 periodum
967 1990 1173 2048 effinxit3
1222 1991 1362 2035 veluti
1402 1989 1656 2034 Badhamus

112 2066 268 2110 locum'
300 2066 531 2109 constituit
568 2067 654 2110 ita:
696 2059 721 2109 ὁ
750 2061 833 2124 γάρ
864 2061 1138 2123 Κτήσιππος
1160 2063 1301 2121 4ἔτυχε*
1329 2061 1482 2126 πόρρω
1513 2069 1656 2109 καθε-

113 2135 299 2197 ζόμενος
334 2142 413 2185 τοῦ
444 2140 678 2185 Κλεινίου·
721 2138 860 2196 κάμοὶ
892 2143 1057 2197 δοκεῖν,-
1097 2134 1160 2191 uis·
1196 2136 1427 2198 ἐτύγχανεν
1456 2133 1481 2184 ὁ
1513 2131 1655 2184 Εὐδό-

113 2217 253 2274 δημος
270 2214 368 2272 ἐμοὶ
395 2210 707 2274 διαλεγόμενος
728 2212 1025 2276 προνενευκώς
1047 2215 1112 2267 εἰς
1133 2213 1185 2261 τό
1209 2211 1433 2275 πρόσθεν,
1463 2212 1510 2259 ἐν
1531 2212 1653 2272 μέσῳ

112 2286 236 2342 ὄντος
264 2286 389 2350 ἡμῶν
418 2291 496 2337 τοῦ
528 2290 741 2336 Κλεινίου
769 2284 997 2337 ἐπεσκότει
1034 2292 1099 2348 τῷ
1131 2290 1392 2349 Κτησίππῳ
1422 2290 1501 2349 τῆς
1527 2288 1654 2343 θέας.

111 2367 280 2423 Nemo,
321 2369 499 2425 opinor,
531 2367 761 2411 Badhamo
791 2369 1058 2412 assentietur
1086 2368 1170 2412 hac
1198 2369 1244 2410 in
1272 2380 1347 2423 re3
1388 2380 1489 2411 nam
1515 2366 1656 2409 multa

110 2441 317 2499 profecto
338 2446 453 2497 sunt,
485 2455 600 2498 quae
622 2447 777 2487 contra
796 2442 909 2487 hanc
928 2443 1224 2488 coniecturam
1248 2442 1424 2500 possint
1440 2440 1653 2499 proferri-3

112 2516 193 2561 sed
232 2531 321 2560 non
359 2514 484 2562 lubet
532 2516 667 2577 longa
708 2516 894 2562 aliorum
932 2517 1201 2562 refutatione
1249 2531 1392 2562 meam
1431 2515 1654 2560 illustrare

112 2594 423 2636 coniecturam.

227 2667 292 2711 Ut
330 2668 514 2726 singulis
543 2669 715 2724 verbis,
754 2671 818 2712 ita
857 2670 989 2713 etiam
1028 2669 1212 2725 syllabis
1252 2668 1325 2712 vel
1363 2667 1501 2713 literis
1541 2683 1653 2726 sup-

109 2742 286 2800 plendis
314 2757 403 2786 non
431 2758 534 2788 raro
567 2744 764 2787 locorum
795 2750 1099 2802 corruptorum
1129 2745 1362 2802 integ-itas
1390 2745 1651 2799 restituitur,
