1778 2935
858 63 916 108 45

121 218 180 261 sit
207 218 391 274 patiens.
432 217 558 263 -Nam
577 208 667 263 -est
703 219 860 264 modus
897 220 942 263 in
968 218 1115 262 rebus.
1169 218 1268 262 Hac
1302 223 1450 263 autem
1477 218 1648 262 ratione

120 292 479 341 absurdissimum
523 294 731 351 quodque
779 299 929 352 potest
978 293 1170 340 defendi.
1244 294 1432 337 Accedit
1480 301 1530 337 ut
1572 294 1649 337 illa

120 367 259 423 verba
305 370 507 429 proxime
556 368 918 421 antecedentibus
961 368 1082 415 nullo
1118 368 1295 423 vinculo
1332 368 1527 415 adnexa
1547 371 1648 423 sint,

120 442 166 485 id
205 444 324 501 qued
359 459 447 488 non
484 444 713 491 ferendum
751 444 940 488 videtur.
998 443 1113 488 Nam
1153 458 1250 487 cum
1280 443 1650 498 versibus-verba

121 518 267 572 soluta
294 518 610 577 adiungantur,
651 521 885 564 omissione
920 519 1108 577 copulae
1144 519 1246 564 talis
1282 519 1495 563 sermonis
1524 517 1648 562 duri-

119 594 203 639 ties
223 588 461 651 senor-itur,
505 608 620 652 quae
654 596 734 638 vix
766 594 853 639 alio
892 595 1124 639 Platonico
1161 584 1367 653 exemplo
1404 593 1649 638 confirmari

119 671 345 730 videatur.v
398 671 639 714 Manifesto
677 672 813 728 igitur
851 677 1063 728 apparet,
1105 685 1207 725 cum
1239 685 1397 715 versus
1433 669 1649 717 Hesiodei

120 734 167 791 et
192 747 497 804 interpretatio
527 759 586 789 ex
612 747 689 800 iis,
721 759 836 802 quae
851 744 1060 801 diximus,
1090 747 1282 801 inter-„se
1312 744 1534 793 conciliari
1561 758 1649 788 non

118 823 316 877 possint,
353 808 487 863 unum
525 827 603 864 aut
641 821 827 865 alterum
858 835 959 865 esse
988 821 1314 868 removendum.
1372 821 1650 878 Interpreta-

118 896 282 942 tionem
322 894 452 940 obelo
490 896 682 953 signavit
710 894 884 941 Jahnus
921 895 1108 954 aliique3
1155 909 1313 939 versus
1350 901 1498 939 autem
1527 894 1650 937 Her-

117 984 314 1025 mannus,
345 969 489 1014 locum
519 971 605 1015 hoc
631 970 765 1017 modo
789 972 1033 1029 corrigens:
1063 965 1203 1031 αὐτὰρ
1226 967 1382 1015 ἔπειτα
1403 969 1515 1030 φησὶ
1535 965 1649 1025 μετὰ

117 1041 167 1090 τό
196 1039 302 1100 χάος
341 1037 420 1091 δύο
460 1038 597 1091 τούτω
632 1043 865 1105 γενέσθαι,
884 1045 989 1105 ,Γῆν
1027 1060 1074 1090 τε
1105 1043 1181 1089 καὶ
1202 1039 1381 1105 Ἔρωτα.
1442 1043 1534 1090 Sed
1561 1046 1648 1089 iam

117 1119 406 1165 Schenkelius
435 1123 479 1165 in
498 1120 637 1166 diario
660 1123 900 1181 gymnasiis
920 1110 1151 1168 austriacis
1176 1121 1395 1168 destinato
1418 1126 1523 1164 tom.
1537 1119 1646 1165 XII.

120 1196 244 1256 1861.
282 1210 325 1253 p.
357 1196 454 1239 597.
497 1196 690 1241 ostendit
728 1211 828 1240 eum
865 1196 981 1241 falso
1022 1196 1264 1252 iudicasse,
1308 1198 1495 1254 primum
1533 1198 1647 1240 enim

116 1284 204 1314 non
234 1283 334 1315 esse
363 1270 601 1315 verisimile
647 1270 886 1314 Platonem
908 1276 958 1314 ut
988 1272 1328 1314 enuntiationem
1359 1270 1474 1329 φησὶ
1504 1286 1541 1315 κ.
1557 1287 1595 1315 τ.
1611 1271 1647 1314 λ..

115 1346 359 1403 proferret,
399 1341 539 1405 αὐτᾰρ
574 1343 731 1390 ἔπειτα
763 1361 787 1390 e
816 1353 951 1404 poeta
988 1348 1251 1403 sumpsisse3
1291 1346 1451 1390 deinde
1492 1342 1647 1389 ἔπειτα

117 1423 163 1464 et
200 1417 313 1476 μετὰ
352 1416 458 1475 χάος
493 1422 703 1466 orationis
741 1414 1053 1466 abundantiam
1099 1422 1277 1466 efficere
1316 1420 1647 1465 intolerabilem.

116 1495 382 1552 Quidigitur
395 1496 638 1541 faciemus?
660 1512 717 1541 an
740 1497 1028 1542 excludemus
1047 1498 1186 1542 verba
1204 1492 1317 1552 μετά
1334 1495 1449 1556 φησὶ
1464 1512 1505 1539 κ.
1519 1513 1560 1541 τ.
1576 1495 1648 1540 L?

111 1570 292 1615 Minime
331 1585 460 1627 ver03
493 1586 606 1620 ,nam
650 1573 782 1616 etiam
824 1572 997 1617 facilior
1038 1572 1212 1616 medela
1249 1571 1404 1627 adest,
1448 1571 1495 1614 id
1525 1570 1646 1627 qnod

113 1646 404 1691 demonstrari
437 1654 589 1705 potest
631 1648 715 1691 hac
759 1650 956 1691 ratione:
994 1647 1232 1692 'Phaedrus
1276 1648 1418 1691 tribus
1457 1646 1647 1691 testibus

112 1722 271 1777 utitur,
310 1720 533 1776 Hesiodo,
563 1721 849 1777 Pax-menide,
890 1721 1113 1766 Acusilao.
1171 1722 1368 1776 Quorum
1396 1723 1646 1766 testimonia

111 1797 280 1839 mirer’n
319 1798 383 1843 ita
420 1796 609 1851 adferri,
648 1803 723 1852 nt,
768 1810 1031 1853 quamquam
1061 1797 1297 1840 Acusilaus
1336 1803 1383 1840 et
1422 1796 1648 1840 Hesiodus

111 1871 226 1913 inter
254 1882 304 1913 se
335 1871 635 1921 consentiunt,
676 1876 824 1915 tamen
853 1871 1129 1914 Parmenidis
1170 1872 1467 1914 testimonium
1504 1872 1647 1914 inter-

111 1949 312 2003 ponatur.
370 1944 463 1989 Cur
497 1947 711 2003 scriptor,
750 1947 1047 2002 quaesiveris,
1088 1960 1174 1988 non
1212 1947 1362 2005 statim
1389 1945 1647 1989 Acusilamn

113 2020 317 2068 Hesiodo
342 2021 579 2065 adiunxit?
622 2022 723 2075 Quo
754 2022 875 2066 hanc*
895 2021 1245 2080 digressionem?
1259 2046 1319 2055 --
1332 2019 1428 2066 Sed
1456 2021 1648 2078 scriptor

112 2110 201 2141 non
228 2098 452 2155 peccavit,
494 2096 690 2141 turbavit
719 2111 966 2142 samonem
995 2097 1211 2141 librarius.
1270 2097 1383 2141 Nam
1412 2096 1645 2140 Platonem

111 2172 342 2228 scripsisse
371 2172 582 2227 arbitror:
615 2167 931 2224 ἆλλῖᾙσιόδος
951 2197 1002 2205 --
1029 2167 1229 2230 ἠδ’Ἒρος
1246 2203 1257 2215 .
1286 2164 1474 2227 Ἡσιόδῳ
1497 2170 1548 2216 δὲ
1570 2165 1646 2215 καὶ

111 2240 411 2299 Ἀκουσίλὲως-
440 2240 675 2305 ὁμολογεῖ,
721 2241 772 2300 ὃς
801 2260 928 2306 φησι
972 2242 1085 2302 μετὰ
1127 2241 1178 2292 τό
1226 2241 1333 2302 χάος
1381 2241 1464 2291 δύο
1504 2241 1647 2291 τούτω

109 2319 340 2379 γενέσθαι,
381 2324 421 2365 Γ
416 2321 469 2378 ἦν
508 2337 556 2365 τε
593 2320 670 2364 καὶ
704 2316 883 2379 Ἔρωτα.
944 2321 1228 2380 Παρμενίδης
1268 2320 1317 2365 δὲ
1356 2317 1432 2378 τὴν
1474 2324 1514 2365 Γ
1506 2319 1647 2365 &veum

110 2393 233 2453 λέγει.
253 2403 292 2440 κ’.
317 2413 358 2441 τ.
382 2396 422 2440 λ.
480 2396 610 2443 Nunc
654 2399 799 2441 omnia
838 2402 961 2442 recte
1005 2411 1055 2442 se
1094 2394 1272 2442 habent.
1329 2395 1470 2440 Error
1497 2400 1645 2440 autem

110 2470 213 2515 inde
243 2476 368 2516 ortus
397 2485 496 2516 esse
536 2471 735 2528 videtur,
774 2472 895 2529 quod
933 2472 1138 2516 librarius
1175 2474 1325 2516 neseio
1363 2473 1464 2528 quis
1508 2471 1647 2515 verba

108 2539 292 2603 Ἡσιόδῳ
339 2544 391 2591 δὲ
436 2545 514 2591 καὶ
557 2541 849 2598 Ἀκουσίλεως
895 2540 1094 2604 ὁμολογεῖ
1124 2540 1182 2597 ὃς
1233 2548 1380 2591 omisit
1429 2546 1570 2591 oculis
1618 2560 1646 2589 a

110 2620 284 2678 syllaba
305 2629 373 2673 ὀς
411 2623 617 2667 vocabuli
644 2617 768 2683 ’Ἔρος
795 2625 843 2667 in
870 2613 922 2676 ὃς
948 2628 1053 2667 ante
1081 2623 1196 2682 φησὶ
1228 2622 1444 2680 delapsis,
1486 2623 1647 2666 omissa

111 2701 257 2741 autem
293 2697 431 2742 verba
466 2699 652 2756 margini
686 2696 911 2756 adscripta
941 2702 990 2742 et
1017 2699 1063 2741 in
1097 2697 1286 2742 alienum
1321 2697 1466 2741 locum
1495 2701 1645 2739 trans-
