1778 2935
824 63 889 108 33⁷.

207 213 438 259 Sententia
473 214 735 259 difficultate
771 215 917 271 caret,
962 228 1050 258 non
1087 216 1192 258 item
1227 214 1399 270 verba,¹
1431 228 1621 271 quorum

91 298 206 346 quae
236 282 319 335 sub
339 291 478 335 *finem
504 292 656 349 'posita
670 309 673 314 ·
685 297 809 343 sunt,
838 284 1159 349 ὄλιγωρεῖσθαί
1172 305 1219 333 τε
1235 289 1309 333 καὶ
1325 285 1503 345 ἀμελῶς
1516 292 1622 334 δια-

91 365 334 418 τίθεσθαι,
373 379 472 410 mea
510 362 688 422 quidem
726 367 948 409 sententia
986 378 1074 407 non
1102 370 1225 407 recte
1255 365 1478 420 explicata
1506 371 1620 408 sunt.

89 440 203 486 Nam
246 443 286 486 s'i
326 444 670 500 interpretantur
714 435 901 496 ἀμελῶς
935 437 1237 485 διατίθεσθαι
1266 457 1338 480 ==2
1351 433 1621 494 ἀμελεῖσθαι

89 516 345 574 adduntque
375 517 620 561 subiectum
662 531 688 560 e
716 517 865 561 verbis
894 518 1098 573 proxime
1126 515 1490 559 antecedentibus
1520 530 1619 558 esse

88 593 379 651 supplendum
408 592 534 651 (περὶ
556 593 722 643 παῖδας
753 591 829 637 καὶ
850 590 957 651 περὶ
982 586 1115 638 τᾶλλα
1137 586 1237 636 ww
1264 591 1431 635 referre
1460 590 1620 635 viden-

86 674 176 712 tur·-
197 667 260 711 ad*
284 668 405 712 verb.
436 656 704 724 συμβαίνει)
730 668 786 711 cf.
816 667 964 712 adnot.
998 667 1173 721 Cronii,
1218 681 1377 710 vereor
1418 680 1475 709 ne
1508 667 1620 709 haec

86 745 411 800 interpretatio,
443 755 542 786 cum
569 745 631 787 sit
658 743 785 786 nimis
815 747 1039 797 tortuosa,
1077 757 1164 786 non
1192 742 1407 799 probetur
1438 742 1502 796 ei,
1544 743 1620 798 qui

86 819 232 863 locum
262 821 509 863 accuratius
538 824 841 876 perscrutatus
872 820 969 861 erit.
1020 817 1298 876 Expectatur
1328 819 1441 861 enim
1470 819 1619 874 potius

85 900 135 937 ut
165 893 357 951 dicatur,
398 909 475 939 eos
506 897 582 951 qui
617 896 663 937 in
691 894 920 952 republica
948 899 1204 949 versantur,
1247 908 1335 937 non
1374 908 1528 937 curare
1565 907 1619 936 ac

84 970 323 1030 neglegere
351 985 425 1016 res
455 971 731 1015 domesticas.
772 969 931 1027 Itaque
954 963 1127 1026 ὦμελῶς
1144 968 1444 1014 διατίθεσθαι
1470 970 1617 1012 activo

85 1047 335 1105 significatu
362 1048 554 1111 positum
583 1052 693 1103 puto
723 1045 801 1102 (=
829 1040 1007 1100 ἀμελῶς
1032 1045 1311 1100 διακεῖσθαι)
1340 1046 1404 1087 ita
1431 1050 1480 1087 ut
1508 1039 1619 1098 ἆμε»

84 1121 169 1170 λῶς
199 1118 460 1165 διατίθεται
489 1137 558 1172 τις
587 1120 825 1178 significet:
868 1122 914 1162 in
951 1134 1007 1164 ea
1033 1119 1285 1163 conditione
1323 1119 1484 1175 aliquis
1520 1119 1618 1162 col-

83 1193 276 1251 locatur,
313 1201 364 1238 ut
392 1195 626 1254 neglegat3
668 1195 807 1239 veluti
843 1193 994 1252 Symp.
1025 1209 1067 1252 p.
1091 1195 1175 1237 207
1207 1193 1267 1238 C:
1307 1189 1361 1238 τα
1393 1191 1443 1237 δὲ
1477 1193 1618 1252 θηρία

84 1270 159 1324 τίς·
183 1269 308 1316 αἰτία
336 1266 476 1324 οὕτως
504 1268 728 1331 ἐρωτικῶς
756 1270 1077 1325 διατίθεσθαι;
1119 1272 1182 1314 ita
1210 1269 1616 1328 interpretabimur:

84 1347 210 1400 Quae
251 1352 321 1390 est
350 1360 507 1402 causa,
549 1361 626 1389 cur
664 1347 869 1389 animalia
905 1349 970 1389 ita
1007 1352 1314 1402 comparentur
1350 1352 1400 1389 ut
1434 1346 1615 1390 ament?

82 1422 187 1466 Hocv
213 1425 252 1466 si
280 1418 379 1479 quis
407 1422 514 1466 mihi
543 1424 834 1478 concesserit,
877 1423 916 1466 si
945 1417 1117 1477 ἀμελῶς
1147 1419 1444 1481 διατίθεσθαι
1483 1435 1616 1467 sensu

85 1499 231 1540 activo
271 1498 464 1554 positum
504 1498 590 1541 sibi
628 1500 924 1555 persuaserit,
967 1500 1146 1554 passivo
1184 1494 1506 1557 ὀλιγωρεῖσθαι
1543 1501 1616 1541 in—

86 1572 272 1630 telleget
300 1572 467 1615 nullum
497 1573 569 1617 hic
599 1573 744 1616 locum
771 1586 884 1616 esse.
921 1571 1004 1617 Cui
1032 1575 1098 1617 rei
1126 1577 1177 1616 ut
1206 1579 1474 1629 occurratur,
1502 1574 1616 1617 scri-

83 1646 275 1690 bendum
305 1647 419 1691 duco
450 1641 674 1707 ὀλιγαῖρως
702 1663 784 1706 pro
814 1643 1140 1707 ὀλιγωρεῖσθαι.
1197 1649 1312 1693 Nam
1342 1650 1614 1694 Badhamum

82 1717 308 1781 ὀλιγωρεῖν
344 1724 608 1767 scribentem
645 1729 846 1767 vetamur
885 1725 1011 1780 sequi
1049 1719 1208 1768 duritie
1247 1727 1460 1770 sermonis
1498 1740 1614 1782 quae

82 1800 276 1841 nascitur
312 1807 371 1841 ex
401 1799 485 1842 hac
515 1801 789 1854 coniectura3
835 1798 1009 1842 accedit
1037 1798 1310 1843 Graecorum
1340 1800 1613 1845 consuetudo

82 1871 294 1916 adverbia
320 1874 366 1915 in
392 1866 455 1925 ὥς
480 1872 728 1917 desinentia
756 1875 801 1915 in
829 1873 899 1916 his
928 1873 1224 1917 locutionibus
1252 1875 1527 1931 geminandi3
1555 1876 1616 1918 cf.

80 1947 265 1992 Phaedo
303 1948 429 2005 p.-68
458 1947 517 1992 O:
555 1942 786 2007 ὀλιγώρως
814 1945 1033 2003 ἔχεινκαὶ
1063 1947 1285 2004 κοσμίως;
1326 1949 1434 2007 Lys.
1464 1950 1504 1993 9.
1537 1952 1612 1995 17:

81 2017 180 2066 ἀλλ’
204 2018 346 2072 οὕτως
378 2018 597 2084 ὀλιγώρως
630 2023 706 2067 καὶ
734 2019 1013 2083 παρανόμως
1046 2024 1435 2083 προςηνέχθησαν;
1472 2024 1611 2084 Gorg.

79 2114 122 2157 p.
144 2100 231 2144 493
261 2099 324 2144 O:
354 2093 591 2159 ἀπλήστως
610 2100 684 2144 καὶ
708 2095 964 2150 ἀκολάστως
986 2097 1185 2156 ἔχοντοω
1215 2101 1329 2160 Rq»
1344 2099 1422 2145 VI.
1445 2117 1491 2160 p.
1506 2102 1611 2146 503:

80 2168 348 2233 δυσκινήτως
373 2172 467 2229 ’ἔχει
496 2174 571 2218 καὶ
604 2176 851 2231 δυσμαθῶς
880 2172 1028 2234 ὥςπερ
1058 2171 1458 2237 ἀπονεναρκωμένα.

193 2246 345 2294 Nicias
375 2241 420 2294 et
447 2249 629 2294 Laches
651 2264 751 2295 cum
776 2264 809 2295 ‘a
834 2250 1023 2296 Melesia
1052 2257 1098 2296 et
1111 2242 1383 2310 *Lysimacho
1412 2254 1612 2297 arcessiti

79 2331 250 2382 essent,
277 2320 329 2370 ut
358 2326 415 2370 de
444 2330 593 2385 pueris
620 2328 736 2373 bene
754 2328 1006 2372 educandis
1037 2342 1163 2372 suum
1191 2329 1360 2373 ferrent
1387 2329 1610 2386 iudicium,

78 2400 286 2448 Socrates
325 2416 423 2446 cum
461 2402 521 2447 ad
559 2403 825 2462 colloquium
855 2409 984 2449 esset
1021 2404 1245 2449 adhibitus
1258 2436 1271 2461 ,
1313 2418 1391 2448 eos
1428 2407 1611 2458 monuit,

77 2486 208 2534 quain
227 2480 398 2535 gravis,
429 2492 561 2536 quam
589 2493 750 2539 magna
780 2486 899 2525 esset
926 2494 983 2524 ea
1005 2494 1103 2537 res,
1134 2480 1285 2525 dicens
1314 2481 1425 2525 haec
1453 2480 1610 2538 (Lach.

76 2566 119 2611 p.
136 2554 223 2598 187
250 2553 331 2612 B).
359 2552 400 2599 ἐἰ
422 2550 505 2616 γὰρ
527 2556 614 2600 νῦν
624 2557 800 2614 πρῶτον
822 2551 1018 2615 ἄρξεσθε
1040 2549 1295 2612 παιδεύειν,
1326 2560 1504 2601 σκοπεῖν
1527 2553 1609 2617 χρὴ

75 2622 139 2687 μὴ
167 2622 243 2674 οὔκ
272 2627 320 2673 ἐν
346 2630 411 2699 τῷ
421 2629 566 2702 Καρὶ
579 2626 681 2687 ὑμῖν
709 2627 735 2677 ὀ
760 2630 960 2683 κίνδυνος
987 2626 1307 2690 κινδυνεύηται,
1337 2625 1437 2677 ἄλλ
1454 2630 1500 2675 ἐν
1517 2636 1612 2683 τοῖς
1687 2658 1706 2670 a
1767 2651 1778 2670 ⁴

75 2701 192 2748 υἱέσι
219 2719 287 2750 τε
297 2704 374 2749 καὶ
404 2704 450 2750 ἐν
478 2696 603 2759 vd}
597 2708 686 2751 των
715 2706 875 2767 φίλων.
886 2706 1046 2765 παισί,
1076 2708 1151 2752 καὶ
1181 2703 1373 2763 ἆτεχνως
1400 2703 1451 2752 τό
1480 2700 1608 2765 λεγό-

1324 2786 1346 2818 3
