1778 2935
832 64 889 110 38

86 210 246 268 αἰδώς,
277 211 404 274 εἴπερ
427 211 477 260 τό
501 214 581 270 μὲν
605 211 780 274 ἀγαθὸν
801 210 997 276 τυγχάνει
1020 214 1082 270 ὅν,
1102 214 1240 268 αἰδώς
1259 217 1627 276 δὲμηδὲνιμᾶλλιον

84 287 255 352 ἀγαθὸν
279 286 308 350 ἢ
329 291 404 337 καὶ
429 287 572 337 κακόν.
616 291 706 337 Pro
728 290 865 351 μηδέν
883 292 1010 338 Bodl.
1027 292 1129 338 Vat.
1145 296 1207 339 O:
1232 289 1298 353 μὴ
1315 289 1452 339 οὐδέν.
1480 294 1626 339 Riecte

83 368 420 412 Stallbaumius:
455 364 543 426 ,μή
571 365 696 413 οὐδὲν
723 369 897 423 μᾶλλον
920 368 985 412 *ex
1009 368 1308 430 διττογραφίᾳ
1335 375 1477 414 ortum
1501 376 1623 428 puto,

81 443 179 486 aliis
211 438 364 495 οἶδέν,
394 443 492 486 aliis
515 442 651 502 μηδὲν
683 444 992 488 scribentibus.
1048 444 1295 500 Utrumque
1324 447 1388 488 ita
1416 446 1461 487 in
1490 460 1623 488 unum

85 518 320 562 conflatum
351 518 530 562 tolerari
557 533 646 562 non
675 518 851 563 videtur
863 533 1026 578 posse.
1031 520 1054 544 “
1594 552 1596 556 Α

199 594 339 651 Gorg.
369 608 411 650 Ρ.
430 595 516 637 488
546 594 613 636 Β.
644 589 750 638 ἀλλά
774 596 911 638 ταῦτα
939 591 1085 653 {leym
1106 611 1182 638 και
1201 588 1300 639 τότε
1317 594 1389 643 καὶ
1408 585 1622 652 rimi-'pto

80 668 156 712 Ex
195 669 300 726 hac
320 670 619 713 enuntiatione
661 670 759 713 sine
799 669 934 713 dubio
975 656 1235 715 eiciendtim
1263 676 1332 716 est
1359 670 1622 720 vocabulum

80 742 250 802 ἔλεγον,
282 745 404 801 quod
432 747 531 802 ipsa
561 746 794 790 collocatio
823 752 1076 803 suspectum
1097 747 1256 790 reddit.
1299 747 1492 791 Constat
1508 748 1620 790 enim

80 823 195 864 inter
226 835 378 865 omnes
391 853 403 876 ‚
450 819 650 865 Graecos
681 823 725 868 in
754 820 916 866 talibus
946 821 1241 866 locutionibus
1272 821 1409 867 semel
1438 823 1622 866 verbum

79 910 246 953 ponere
276 895 411 952 idque
444 896 778 939 accomodatum
807 882 903 940 fere
932 897 1177 954 particulae
1206 911 1418 955 praesens
1448 904 1621 957 tempus

79 972 345 1031 significanti
396 959 452 1016 cf.
494 972 675 1030 Kriiger
715 972 785 1015 62.
817 974 856 1015 4.
889 974 914 1015 2
957 978 1002 1017 et
1039 973 1151 1017 haec
1201 973 1432 1031 exempla:
1485 973 1620 1032 seph.

77 1062 119 1104 p.
137 1049 221 1091 236
244 1046 308 1090 E:
339 1042 486 1092 πάντα
515 1044 655 1093 ταῦτά
679 1046 775 1092 ἐστι
797 1044 938 1103 μεστοὶ
958 1044 1156 1105 ἀπορίας
1177 1044 1248 1091 ἀεὶ
1269 1047 1315 1091 ἐν
1337 1049 1401 1105 τῷ
1420 1043 1620 1107 πρόσθεν

77 1114 222 1178 χρόνῳ
264 1121 340 1167 καὶ
380 1124 468 1167 νῦν.
527 1123 713 1168 Theaet.
751 1139 794 1180 p.
831 1124 913 1166 187
953 1122 1057 1167 CD:
1099 1116 1283 1183 Θράττει
1321 1122 1376 1179 μέ
1414 1128 1525 1174 πως
1548 1125 1621 1168 νῦν

76 1214 123 1242 τε
153 1196 227 1242 καὶ
260 1192 418 1243 ἄλλοτε
449 1189 506 1255 δὴ
538 1194 766 1252 πολλάκις.
822 1198 1055 1256 Kriigerus
1092 1197 1150 1241 ad
1186 1198 1386 1256 Thucyd.
1427 1199 1460 1242 I.
1493 1200 1561 1243 86.
1591 1201 1618 1242 2

76 1273 246 1317 animos
287 1278 464 1317 nostros
504 1273 722 1328 advertit,
767 1273 845 1317 ubi
882 1273 1066 1331 legitur:
1106 1267 1230 1331 ἡμεῖς
1265 1272 1319 1317 ’δὲ
1357 1270 1502 1329 ὁμοῖοι
1544 1273 1616 1317 καὶ

75 1343 174 1391 τότε
196 1346 270 1392 καὶ
297 1348 371 1391 νῦν
394 1346 544 1403 ἐσμεν,
575 1363 664 1405 quo
695 1348 794 1393 loco
816 1350 948 1393 etiam
979 1348 1091 1392 haec
1117 1345 1323 1406 exempla
1343 1348 1507 1392 attulit:
1539 1348 1618 1392 III.

76 1424 145 1466 40.
173 1424 220 1465 l:
258 1418 341 1481 ἐγώ
382 1421 461 1478 μὲν
500 1417 573 1468 οὖν
609 1422 685 1466 καὶ
714 1415 813 1468 τότε
843 1424 1019 1484 πρῶτον
1048 1422 1124 1466 καὶ
1154 1424 1226 1468 νῦν
1251 1418 1529 1479 ὃίαμάχομαι
1558 1421 1619 1483 μὴ

74 1499 349 1556 καταγνῶναι
377 1493 496 1553 ὑμᾶς
524 1494 582 1542 τοὶ
612 1498 945 1557 προδεδογμένα
975 1514 1015 1540 κ.
1035 1503 1079 1556 τ.
1103 1499 1142 1541 λ.
1197 1497 1275 1541 VI.
1306 1500 1373 1541 60.
1405 1501 1456 1541 2:
1484 1496 1535 1543 τὸ
1569 1498 1616 1542 δὲ

73 1572 217 1633 σαφὲς
263 1568 412 1623 οὐδεὶς
456 1569 553 1619 οὕτε
599 1565 699 1619 τότε
738 1569 835 1619 οὔτε
875 1569 1054 1633 ὕστερον
1093 1570 1181 1629 ἔχει
1219 1571 1357 1619 εἰπεῖν
1396 1572 1499 1635 περὶ
1529 1575 1617 1618 τῶν

74 1642 333 1708 δρασάντων
363 1644 413 1693 τὰ
446 1646 584 1709 ἔργον.
645 1648 868 1707 Exempla
906 1648 1013 1693 dare
1049 1662 1190 1708 pergo
1215 1662 1248 1693 ‘e
1270 1637 1386 1708 ineis
1417 1650 1614 1693 schedis:

71 1725 244 1769 Phileb.
275 1739 318 1782 Ρ.
340 1726 397 1768 60
426 1725 488 1768 B:
519 1722 674 1770 οὐκοῦν
704 1725 781 1769 καὶ
810 1722 911 1770 τάδε
941 1718 1040 1770 τότε
1071 1724 1146 1769 καὶ
1176 1726 1250 1769 νῦν
1279 1721 1378 1783 ἡμῖν
1408 1721 1460 1770 ἂν
1490 1728 1615 1780 ξυνο-

70 1800 323 1858 μολογοῖτο,·
358 1800 510 1859 Soph.
524 1816 569 1872 Ρ
595 1802 680 1845 239
710 1802 768 1843 B:
798 1800 873 1843 καὶ
898 1797 980 1859 γάρ
1012 1794 1158 1845 παλαι
1188 1800 1262 1843 καὶ
1294 1796 1349 1845 τᾶ
1379 1802 1451 1844 νῦν
1481 1795 1615 1859 ἧττν-

69 1874 198 1929 μένον
215 1892 268 1933 αν
292 1871 416 1936 εὕροι
437 1876 548 1934 περὶ
566 1872 640 1921 τὸν
650 1877 744 1920 τοῦ
766 1871 828 1934 μὴ
844 1890 969 1925 οντος
986 1872 1165 1933 ελεγχον.
1198 1875 1364 1933 Crat'yl.
1385 1891 1427 1963 p.
1445 1877 1535 1919 429
1548 1876 1614 1919 D.

71 1949 219 2005 συχνοὶ
259 1943 342 2011 γάρ
379 1964 494 1999 τινες
531 1948 574 1994 οἱ
608 1949 822 2009 λέγοντες,
865 1967 901 1993 ω
933 1950 1042 2009 φίλε
1068 1943 1291 2009 Κρατυλε,
1331 1948 1407 1992 καὶ
1436 1950 1509 1994 νῦν
1531 1948 1614 1992 καὶ

71 2021 223 2071 πάλαι.
270 2027 444 2071 Phileb.
463 2042 507 2085 Ρ.
526 2025 580 2070 15
606 2026 850 2085 Βεφαμέν
880 2044 968 2071 που
996 2023 1157 2086 ταύτὸν
1186 2022 1232 2088 ἓν
1257 2026 1334 2069 ’καὶ
1357 2022 1496 2071 πολλοὶ
1524 2021 1612 2069 vno

71 2094 216 2161 λόγων
244 2096 474 2162 γιγνόμενα
503 2102 777 2164 περιτρέχειν
807 2097 951 2162 πάντῃ
977 2096 1083 2148 καθ’
1094 2101 1284 2147 ἕκαστον
1313 2103 1402 2146 τῶν
1433 2098 1613 2161 λεγομέ-

69 2195 154 2222 νων
185 2175 258 2223 ἀεὶ
300 2178 377 2222 καὶ
415 2172 562 2225 πάλαι
602 2179 677 2223 καὶ
708 2180 796 2223 νῦν.
856 2181 984 2225 Dem.
1019 2179 1086 2224 18.
1117 2181 1198 2224 31:
1240 2175 1535 2240 δωροδόκημα
1565 2177 1613 2222 δὲ

68 2255 157 2298 τῶν
183 2250 353 2299 ἀδίκων
382 2251 549 2300 τούτων
579 2251 836 2311 ἀνθρώπων
863 2257 1063 2301 τοιοῦτον
1092 2253 1280 2313 ἐγένετο,
1306 2250 1428 2316 Ᾰῦπὲρ
1456 2251 1507 2301 οὗ
1536 2255 1610 2298 καὶ

67 2325 167 2375 τότε
205 2330 281 2374 καὶ
316 2332 390 2376 νῦν
425 2330 502 2375 καὶ
535 2326 604 2377 ἀεὶ
639 2326 835 2392 ὁμολογῶ
867 2331 943 2375 καὶ
972 2332 1177 2388 πολεμεῖν
1206 2330 1282 2375 καὶ
1308 2331 1612 2392 διαφέρεσθαι

69 2403 255 2456 τούτοις.
303 2408 439 2465 Soph.
469 2424 512 2465 p.
543 2410 630 2452 253
659 2409 724 2451 E:
763 2405 838 2452 τὸν
867 2409 946 2462 μὲν
978 2406 1032 2465 δὴ
1063 2402 1321 2466 φιλόσοφον
1350 2408 1396 2451 ἐν
1426 2402 1609 2463 *coemittit

68 2481 156 2526 τινὶ
185 2478 311 2539 τόπῳ
342 2482 418 2528 καὶ
437 2484 517 2528 νῦν
541 2483 618 2527 καὶ
644 2480 799 2529 ἔπειτα
828 2476 1142 2543 ἀνευρήσομεν.’
1173 2484 1310 2528 Thn‘c.
1332 2483 1431 2527 VII.
1464 2483 1530 2527 75.
1559 2485 1610 2526 6:

68 2551 488 2616 ἀπηυτομολῆκεσαν
516 2550 597 2619 γὰρ
637 2552 784 2603 πάλαι
825 2576 870 2604 τε
912 2559 988 2602 καὶ
1015 2559 1060 2604 οὶ
1092 2560 1292 2604 πλεῖστοι
1321 2561 1606 2619 παραχρῆμα.

182 2632 311 2678 Haec
325 2634 580 2678 observatio
604 2634 709 2679 vide
732 2648 791 2678 ne
815 2634 943 2679 nobis
965 2636 1025 2678 sit
1047 2634 1167 2679 utilis
1189 2635 1235 2677 in
1249 2633 1384 2693 Soph.
1399 2635 1608 2694 p22&E‚

65 2708 142 2754 ubi
185 2708 500 2755 Stallbaumius
545 2699 744 2767 scripsit:
785 2705 837 2755 τό
866 2708 946 2766 μὲν
977 2705 1305 2771 ἀρχαιοπρεπὲς
1332 2717 1383 2755 τι·
1400 2706 1608 2772 πάτριον,
