1778 2935
838 41 895 86 37

98 206 199 236 raro
239 192 442 237 accidere
481 192 611 237 solet.
665 191 816 255 Veluti
854 191 1108 235 Badhamus
1144 193 1260 236 iusto
1300 192 1477 249 saepius
1515 191 1628 235 hanc

99 267 316 311 medelam
344 266 543 311 adhibuit
570 269 616 310 in
646 266 833 325 dialogis
862 265 1146 323 Euthydemo
1184 272 1231 311 et
1258 265 1478 321 Lachete,
1514 281 1627 322 quos

98 343 212 387 inter
240 357 303 388 ses
319 344 576 387 coniunctos
606 341 743 387 edidit
770 341 914 387 Jenae
946 340 1071 387 1865.

183 438 185 441 Α
212 446 257 490 N
258 460 343 491 unc
370 452 642 490 transeamus
673 447 731 489 ad
759 446 882 490 locos
896 446 1153 490 Platonicos
1178 446 1258 489 tali
1279 448 1448 490 ratione
1474 459 1627 489 emen-

99 523 279 577 dandos.
322 523 392 568 Ac
420 525 606 581 primum
637 521 819 580 quidem
842 521 899 566 de
919 521 1339 580 iis'disputabimus,
1369 522 1446 578 qui
1475 522 1627 578 singu-

96 597 151 641 lis
181 602 350 642 tantum
379 597 553 653 verbis,
584 596 744 641 deinde
774 596 831 641 de
859 599 936 652 iis,
977 599 1054 654 qui
1084 598 1392 641 enuntiationis
1420 596 1626 640 membris

96 672 169 717 vel
197 664 306 732 ipsis
337 671 706 717 enuntiationibus
745 670 954 716 eiciendis
994 671 1240 731 corrigendi
1279 686 1381 717 esse
1409 670 1625 715 videntur.

210 770 462 830 Euthyphr.
474 785 527 829 p.
546 772 598 814 11
616 770 676 813 B:
703 764 811 824 Εὐθ.
827 764 960 823 Ἀλλ’,
975 762 1014 813 ὦ
1028 764 1275 829 Σώκρατες,
1297 765 1376 815 οὐκ
1394 766 1479 825 ἔχω
1496 767 1626 829 ἔγωγε

95 842 223 909 ὅπως
242 861 315 891 σοι
333 842 450 890 εἴπω
476 841 503 890 ὃ
528 846 634 892 νοῶ·
665 844 940 907 περιέρχεται
962 840 1045 906 γάρ
1065 862 1165 899 πως
1186 840 1287 904 ἡμῖν
1310 840 1382 892 ἀεὶ
1404 840 1431 903 ὃ
1442 844 1494 891 ἂν
1509 860 1626 904 προ-

96 916 313 979 θώμεθα,
352 920 429 966 καὶ
466 917 545 966 οὐκ
581 919 733 967 ἐθέλει
767 918 911 977 μένειν
946 916 1061 966 ὅπου
1099 914 1152 965 ἂν
1181 915 1474 979 ἱδρυσώμεθα
1503 913 1624 966 αὐτό.

95 1002 236 1056 Σωκρ.
272 997 362 1040 Τοῦ
377 993 587 1055 ἡμετέρου
609 991 844 1056 προγόνου,
873 989 912 1039 ὦ
930 988 1184 1056 Εὖθῦφρον,
1215 993 1353 1042 ἔοικεν
1380 990 1493 1042 εἶναι
1509 999 1625 1042 Δαι-

96 1065 230 1119 δάλου
257 1066 314 1118 io}
342 1066 431 1116 ὑπὸ
461 1071 541 1116 σοῦ
566 1062 784 1130 λεγόμενα.
844 1070 897 1115 In
933 1070 1062 1116 Bodl.
1090 1068 1201 1117 Ven.
1231 1075 1280 1115 11
1320 1077 1367 1115 et
1404 1070 1501 1115 aliis
1538 1086 1627 1115 non

95 1140 387 1206 προθώμεθα
422 1138 601 1204 legitur,
639 1147 722 1191 sed
751 1143 1099 1206 προθυμώμεθα
1113 1178 1124 1189 .
1155 1139 1442 1207 προθώμεθα
1486 1146 1625 1193 Stall-

94 1225 318 1278 baumius,
359 1221 407 1267 C.
429 1221 482 1265 F.
506 1221 806 1279 Hermannus,
838 1210 1103 1267 Turicenses
1134 1228 1397 1281 receperunt
1428 1222 1624 1267 deterio-

95 1314 167 1343 res
207 1297 383 1343 codices
413 1299 565 1342 secuti.
622 1297 716 1342 Sed
749 1298 821 1341 hic
854 1298 1037 1342 verbum
1065 1301 1171 1356 poni
1202 1299 1377 1354 debuit,
1417 1299 1538 1355 quod
1565 1299 1624 1342 ad

94 1381 234 1419 artem
264 1388 443 1432 quoque
462 1376 718 1419 statuariam
733 1373 923 1419 Daedali
941 1380 1095 1433 posset
1112 1374 1281 1419 referri.
1309 1374 1468 1432 Itaque
1485 1389 1624 1419 voca-

91 1450 243 1501 bulum
273 1444 590 1513 προθαὶμεθα,
621 1449 742 1507 quod
769 1449 880 1493 alias
915 1451 961 1493 in
991 1449 1256 1508 disputando
1285 1456 1407 1495 recte
1435 1450 1624 1494 adhibe-

89 1532 182 1581 tur,
209 1526 283 1570 hic
305 1525 414 1570 nihil
438 1525 590 1570 valere
611 1524 822 1569 videmus.
865 1523 975 1569 Cod.
991 1524 1093 1569 Vat.
1109 1528 1153 1570 Δ
1178 1528 1254 1583 qui
1277 1525 1413 1570 habet
1434 1518 1624 1586 προθώ-

89 1606 213 1657 μεθα
235 1594 583 1659 ἢύποθώμεθα,
612 1599 739 1645 nobis
765 1587 931 1645 rectam
957 1602 1074 1645 viam
1098 1600 1361 1658 emendandi
1388 1606 1621 1657 monstrat3

88 1692 188 1722 nam
221 1690 280 1721 ex
309 1676 394 1720 hac
421 1676 612 1721 lectione
641 1682 829 1737 apparet
857 1676 1121 1721 vocabulum
1151 1676 1313 1735 glossis
1343 1690 1444 1720 esse
1473 1681 1622 1720 tenta-

87 1759 192 1797 tum.
250 1751 381 1799 Plato
413 1752 525 1796 enim
555 1752 733 1810 scripsit
762 1743 985 1807 θώμεθα,
1022 1751 1143 1809 quod
1180 1751 1256 1796 alii
1291 1753 1621 1810 praepositione

87 1820 196 1888 πρό,
233 1827 309 1871 alii
350 1840 503 1885 praep.
532 1821 622 1872 ὑπὸ
655 1826 1082 1885 interpretabantur3
1126 1827 1182 1871 cf.
1213 1841 1328 1884 quae
1364 1826 1471 1871 dicit
1496 1826 1619 1873 Socr.

87 1918 130 1962 p.
153 1905 205 1947 11
239 1901 299 1948 C:
338 1901 413 1946 καὶ
443 1900 483 1947 εἰ
510 1900 590 1958 μὲν
619 1896 732 1948 αὐτὰ
760 1897 842 1961 ἐγώ
875 1899 1020 1961 ἐἏεγον
1050 1901 1126 1946 καὶ
1147 1890 1390 1961 ἐτιθέμην,
1427 1899 1539 1956 ἴσως
1567 1899 1620 1949 ἅν

85 1994 141 2034 με
171 1976 453 2028 ἐπέσκωπτες
481 2002 535 2009 -
566 1975 643 2021 καὶ
673 1974 752 2022 οὐκ
773 1975 921 2022 ἐθέλει
946 1975 1091 2033 μένειν
1110 1972 1226 2023 ὅπου
1243 1971 1296 2023 ἄν
1319 1992 1387 2029 τις
1408 1973 1519 2024 αὐτοὶ
1540 1980 1618 2038 θῇ.

85 2054 155 2098 Ac
192 2055 408 2112 suspicari
444 2053 550 2098 licet
589 2055 636 2097 in
672 2053 785 2098 libro
832 2068 857 2098 e
898 2068 987 2111 quo
1026 2053 1154 2098 Bodl.
1183 2053 1294 2098 Ven.
1316 2057 1364 2097 Il
1391 2059 1437 2098 et
1459 2054 1560 2099 Vat.
1579 2057 1623 2099 A

86 2128 297 2188 descripti
325 2135 448 2185 sunt,
478 2129 742 2175 vocabulum
773 2129 858 2174 hoo
886 2129 1018 2174 modo
1047 2131 1213 2188 pictum
1242 2130 1381 2174 fuisse

361 2230 451 2273 προ
481 2209 569 2261 ὑπο

477 2290 689 2346 θώμεθα.

83 2376 193 2421 Inde
230 2377 395 2421 librarii
423 2377 657 2423 Bodleiani
696 2379 968 2437 aliorumque
998 2378 1197 2425 codicum
1227 2380 1470 2424 elicuerunt
1498 2396 1615 2440 προ-

87 2445 367 2508 θυμιόμεθα,
405 2454 608 2499 librarius
638 2461 786 2499 autem
814 2455 1018 2500 Vaticani
1034 2460 1098 2511 Δ,
1135 2458 1327 2501 incertus
1357 2456 1465 2514 quid
1493 2463 1615 2502 recte

83 2541 131 2570 se
160 2527 368 2584 haberet,
397 2530 574 2587 scripsit
590 2526 878 2588 προθώμεθα
899 2525 927 2589 ἢ
948 2525 1249 2586 ὑποθοίμεθα.
1294 2531 1441 2576 Etiam
1472 2532 1616 2577 Char-

80 2601 221 2646 mides
249 2603 378 2648 nobis
417 2604 557 2649 simile
600 2604 851 2663 exemplum
892 2606 1148 2664 suppeditat
1185 2607 1287 2651 talis
1325 2610 1615 2666 corruptionis

81 2692 124 2736 p.
156 2678 236 2722 161
274 2677 338 2734 B,
379 2679 456 2723 ubi
492 2680 705 2738 scriptun
743 2685 894 2725 extatt
933 2676 1024 2726 Οὐκ
1053 2677 1140 2741 ἄρα
1169 2677 1433 2742 σωφροσύνη
1462 2678 1516 2729 ἂν
1544 2680 1614 2744 εἵη
