1778 2935
847 56 904 104 36

772 128 979 137 mm

99 203 156 253 τοὶ
186 202 226 252 δ’
243 203 360 253 ἄλλα
389 202 529 261 οὕτως
563 202 730 264 ὁμιλεῖν
767 206 881 270 πρὸς
917 206 1036 263 ὄντας
1073 206 1320 266 σπουδάζω
1349 207 1478 265 ὅπως>
1501 211 1642 272 μηδέ-

99 298 210 329 ποτε
240 281 361 339 δόξει
389 278 647 342 μακρότερα
679 279 849 330 τούτων
877 286 1182 346 ξυγγίγνεσθαι
1211 304 1251 330 κ.
1276 305 1316 332 ς.
1340 289 1378 333 λ.
1415 288 1474 332 ad
1492 303 1641 346 quem

98 360 180 404 loc.
205 359 262 403 cf.
286 359 386 404 adn.
403 358 676 406 Schneideri.
720 360 839 406 Xen.
855 361 999 408 Anah.
1025 362 1061 407 L
1084 363 1124 408 3.
1142 363 1222 408 17:
1251 359 1338 422 ἐγώ
1359 360 1440 424 γὰρ
1464 358 1641 423 ὀκνοίην

96 435 176 490 μὲν
206 431 260 478 ἄν
289 435 354 486 εἰς
391 434 448 480 τοὶ
485 437 623 481 πλοῖα
663 434 891 492 ἐμβαίνειν
920 434 952 482 ἂ
980 433 1082 497 ἡμῖν
1110 438 1237 497 δοίη,
1272 439 1503 498 φοβοίμην
1531 434 1640 483 δ’ἃν

95 511 161 568 τῷ
189 505 397 570 ἡγεμόνι,
425 505 466 570 ᾧ
494 506 550 559 ἂν
578 511 708 571 δοίη,
733 511 945 559 ἕπεσθαι.
990 514 1083 559 Res
1113 529 1211 559 cum
1240 517 1304 560 ita
1331 530 1432 560 sese
1462 515 1639 572 habeat,

97 587 231 630 velim
272 590 405 631 etiam
449 590 496 631 in
535 591 834 633 enuntiatione
873 590 1061 634 relativa
1098 592 1247 648 priore
1287 585 1315 635 ὃ
1348 586 1444 650 ἐγώ
1470 588 1639 649 ἐθέμην

96 665 342 722 optativum
383 677 482 707 cum
523 657 576 709 ἂν
618 665 804 709 restitui.
863 664 1023 722 Neque
1060 664 1296 711 admodum
1335 666 1517 711 difficile
1554 672 1637 722 est,

94 741 208 783 hanc
226 739 473 795 „lectionem
504 754 685 794 eruere3
723 741 877 784 scribit
915 744 1029 785 enim
1067 740 1246 786 Bastius
1282 745 1327 786 in
1364 749 1637 787 commenta-

92 818 214 859 tione
245 829 288 872 p.
307 814 413 859 756:
445 814 596 871 „Hinc
625 815 767 860 lector
795 816 1038 875 intelliget,
1068 816 1254 876 Epsilon
1273 824 1441 862 tantum
1471 815 1637 862 minuta

93 891 279 945 lineola,
325 904 456 947 quam
495 893 541 934 in
581 890 728 935 medio
768 892 926 946 habet,
977 907 1005 935 a
1042 893 1303 951 compendio
1343 893 1542 950 syllabae
1584 910 1637 937 αν

94 966 314 1013 differre.“
360 965 410 1011 Si
438 968 575 1025 igitur
603 982 626 1010 ε
655 982 683 1010 a
702 967 841 1012 verbo
872 964 1041 1025 ἐθέμην
1072 967 1349 1026 decerpseris
1377 969 1423 1011 in
1451 970 1635 1026 eiusque

94 1042 238 1086 locum
269 1036 323 1087 ἂν
352 1042 634 1086 substituetis
647 1074 660 1097 ,
698 1040 845 1100 θέμην
874 1044 1115 1100 supererit,
1155 1042 1276 1099 quod
1305 1043 1426 1088 nullo
1455 1044 1636 1102 negotio

90 1120 136 1161 in
165 1117 335 1177 θείμην
364 1121 523 1164 mutari
552 1124 716 1177 potest.

810 1294 921 1360 ge.

207 1421 627 1477 Interpolationibus
667 1435 819 1464 omnes
863 1435 1005 1478 paene
1051 1423 1127 1477 qui
1172 1428 1408 1477 supersunt
1453 1420 1631 1464 codices

87 1495 290 1539 turbatos
307 1510 406 1540 esse
425 1495 558 1540 hodie
578 1510 707 1540 nemo
727 1501 887 1554 negat3
916 1510 1018 1539 nam
1047 1499 1208 1553 poetae
1238 1495 1284 1539 id
1314 1495 1631 1540 dilucidissime

88 1570 417 1626 demonstrant,
449 1573 526 1627 qui
546 1584 643 1614 cum
666 1572 755 1614 sint
777 1572 907 1614 metri
929 1570 1102 1627 legibus
1128 1572 1376 1624 constricti,
1405 1570 1520 1613 falsa
1545 1570 1630 1614 ad-

86 1646 329 1689 ditamenta
357 1645 490 1689 facile
519 1645 723 1703 prodant.
784 1644 854 1688 Ea
883 1645 1106 1702 quomodo
1137 1651 1234 1689 orta
1263 1647 1368 1698 sint,
1398 1646 1443 1688 in
1472 1650 1629 1703 aperto

2 1707 4 1710 ⁸
88 1727 157 1765 est
186 1724 391 1779 positum.
451 1721 670 1776 Quidnam
700 1723 784 1780 ipsi
813 1721 947 1766 hodie
976 1722 1126 1766 facere
1156 1721 1373 1776 solemus,
1419 1735 1517 1765 cum
1546 1736 1629 1766 ac-

87 1804 239 1842 curate
280 1798 439 1841 librum
468 1797 772 1856 perlegimus?
829 1797 988 1841 Nonne
1018 1799 1196 1856 saepius
1226 1799 1353 1854 quasi
1391 1798 1629 1841 inscientes

82 1874 266 1930 margini
289 1879 367 1917 aut
389 1887 618 1917 assensum
639 1879 718 1916 aut
740 1872 1059 1916 dissensionem
1080 1872 1405 1917 adscribimus?
1433 1872 1626 1917 Nostrae

85 1947 263 2004 quidem
294 1948 603 1992 adnotationes
641 1962 730 1992 non
765 1953 868 1991 sunt
902 1949 1199 2006 perniciosae,
1237 1947 1358 2005 quod
1388 1962 1488 1992 cum
1524 1947 1625 1991 libri

81 2025 224 2067 nostri
245 2025 367 2081 typis
389 2025 592 2081 expressi
616 2024 716 2079 sint,
746 2022 913 2066 nullum
939 2028 1009 2066 est
1031 2023 1273 2080 periculum
1295 2036 1352 2066 ne
1374 2024 1419 2066 in
1433 2028 1621 2077 textum,

81 2112 212 2154 quem
243 2105 429 2154 vocant,
469 2100 676 2156 irrepant.
735 2098 799 2142 At
835 2100 1063 2156 superiore
1100 2103 1249 2142 aetate
1286 2110 1423 2155 saepe
1458 2097 1623 2141 factum

81 2180 173 2228 est,
219 2180 270 2217 ut
307 2174 609 2218 additamenta
646 2175 763 2218 inter
790 2173 930 2218 verba
967 2175 1193 2230 scriptoris
1232 2179 1624 2231 transponerentur

78 2263 106 2292 a
134 2248 324 2293 librariis
339 2280 352 2304 ‚
392 2250 469 2305 qui
497 2248 714 2306 putabant
750 2250 914 2293 omissa
951 2253 1072 2292 recte
1102 2261 1203 2292 esse
1244 2247 1460 2305 suppleta.
1519 2245 1622 2291 Non

77 2338 179 2367 raro
224 2325 356 2367 etiam
398 2336 423 2366 e
461 2322 734 2381 negligentia
771 2317 1055 2367 scribentium
1092 2321 1455 2380 interpolationes
1491 2326 1620 2365 ortae

77 2404 199 2454 sunt,
230 2399 270 2442 si
291 2396 470 2455 quidem
499 2398 688 2454 librarii,
718 2397 841 2455 quod
868 2397 1009 2442 semel
1032 2397 1279 2442 debuerunt
1307 2396 1522 2453 scribere,
1549 2396 1620 2441 bis

76 2476 350 2532 scripserunt
374 2479 453 2518 aut
477 2474 627 2518 verbis
656 2475 880 2518 inmutatis
909 2473 1234 2531 autpaululum
1258 2474 1451 2517 mutatis.
1492 2472 1620 2526 Quae

76 2563 175 2593 cum
215 2550 280 2593 ita
316 2550 428 2605 sint,
470 2550 509 2593 is
540 2551 617 2606 qui
644 2553 844 2594 veterum
874 2549 1012 2594 libros
1041 2561 1275 2593 recensere
1304 2547 1437 2603 velit,
1477 2549 1618 2593 inter-

75 2624 325 2682 polationes
366 2623 658 2682 expellendas
698 2623 854 2669 sedulo
895 2624 1090 2681 curabit3
1131 2623 1213 2668 sed
1239 2622 1495 2673 cavendum
1534 2629 1617 2679 est,

74 2712 131 2742 ne
161 2698 319 2742 modus
350 2698 620 2755 excedatur,
660 2698 708 2742 id
738 2698 858 2755 quod
900 2698 1032 2743 hodie
1071 2698 1215 2743 doctis
1244 2697 1491 2742 hominibus
1528 2712 1618 2741 non
