1778 2935
854 100 912 143 34

108 265 239 307 μενον
276 246 389 295 κατὰ
426 245 506 309 τὴν
535 249 785 309 παροιμίαν
823 247 926 308 &pau
962 250 1186 311 συμβαίνῃ
1215 248 1262 295 ἐν
1290 250 1424 308 πίθῳ
1460 245 1489 310 ἦ
1514 265 1651 309 κερα-

108 325 217 381 μεία
244 324 479 385 γιγνομένη.
528 326 631 371 Hoc
660 327 760 372 loco
792 342 871 371 our
885 328 1041 384 Plato,
1071 342 1170 372 cum
1199 341 1345 377 sermo
1374 329 1433 372 sit
1461 327 1519 371 de
1547 327 1650 373 filiis

108 402 321 446 Lachetis
351 407 397 446 et
425 401 581 446 Niciae
624 408 670 447 et
699 403 756 447 de
786 403 888 447 filiis
917 403 1175 460 Lysimachi
1205 408 1252 448 et
1279 403 1518 458 Melesiae,
1559 408 1648 447 tam

107 481 215 523 mire
253 478 314 523 ad
344 479 531 524 eandem
567 481 880 524 necessitatem
919 480 1228 526 declarandam
1257 479 1431 529 duobus
1461 478 1649 523 diversis

107 554 336 599 vocabulis
358 556 566 611 usuasit,
588 570 676 600 non
690 555 823 600 facile
839 555 1008 600 dixerit
1022 558 1252 614 quispiam.
1282 555 1471 601 Accedit
1489 567 1650 612 magna

107 631 345 685 dubitatio,
361 646 418 674 an
432 633 478 674 in
499 631 584 675 hae
600 633 878 689 oppositione
897 632 1109 676 articulus
1122 633 1391 690 pronominis
1406 631 1649 689 possessivi

108 708 228 750 vices
259 720 396 763 agere
426 711 586 762 queat,
616 721 717 750 nam
748 721 883 764 supra
910 721 953 763 p.
972 707 1054 750 187
1078 707 1121 750 A
1150 707 1282 751 Plato
1302 706 1440 750 dixit:
1470 703 1649 749 καὶτῶν

107 777 325 840 ἡμετέρων
341 780 412 824 καὶ
440 782 529 825 τῶν
554 776 772 842 ὖμειὲρων
798 781 990 826 παίδων.
1036 781 1121 826 His
1150 782 1282 826 rebus
1311 787 1538 839 permotus
1566 795 1648 838 pro

107 855 223 900 υἱέσι
253 859 486 914 scripsisse
522 859 594 900 aio
633 857 867 901 Platonem
897 854 1139 915 ὑμετέροις,
1177 857 1297 914 quod
1326 872 1408 914 per
1437 870 1650 914 compen-

107 932 226 975 dium
257 934 469 989 soriptum
508 932 624 976 falso
665 934 980 990 interpretatus
1012 938 1081 976 est
1109 932 1326 976 librarius.
1386 932 1489 976 Uno
1520 931 1649 975 deni-

107 1022 194 1064 que
225 1008 364 1051 verbo
397 1006 541 1051 dicam
580 1007 637 1051 de
667 1022 819 1051 eorum
851 1008 1093 1062 sententia,
1134 1009 1209 1063 qui
1240 1003 1352 1050 κατα
1382 1004 1455 1066 τὴν
1485 1022 1648 1066 παροι-

105 1081 214 1138 μίαν
236 1083 550 1140 interpolatum
570 1087 741 1140 putant.
773 1082 871 1127 Hos
893 1097 982 1126 non
1002 1082 1143 1127 solum
1165 1082 1336 1127 refutat
1354 1082 1491 1137 loeus,
1514 1095 1647 1138 ,quem

104 1161 192 1201 iam
230 1158 305 1201 alii
341 1160 609 1214 interpretes
649 1158 910 1212 attulerunt,
951 1172 976 1200 e
1016 1157 1152 1214 Soph.
1183 1172 1225 1214 p.
1252 1159 1331 1200 261
1353 1154 1404 1199 ‘B
1442 1158 1648 1200 haustus:

106 1233 242 1291 σχολῇ
271 1248 358 1277 που
386 1228 438 1276 τὸ
467 1229 581 1276 κατὰ
611 1231 688 1288 τήν
718 1231 969 1288 παροιμίαν
997 1224 1225 1288 λεγόμενον
1247 1225 1275 1274 ὅ
1295 1247 1341 1289 γε
1371 1232 1566 1282 τοιοῦτος
1594 1226 1649 1277 ἄν

107 1323 216 1352 ποτε
244 1306 337 1351 ἕλοι
367 1302 445 1365 τήν
475 1302 626 1362 πόλιν,
668 1307 748 1351 sed
779 1309 911 1351 etiam
942 1307 1127 1350 locutiot
1158 1306 1299 1364 φασὶν
1328 1305 1370 1350 οἱ
1403 1323 1648 1366 παροιμια-

109 1378 300 1438 ζόμενοι.
347 1382 532 1427 Theaet.
562 1397 605 1441 p.
629 1383 711 1426 162
742 1382 794 1426 Β.

225 1459 407 1503 Nullum
436 1461 589 1504 vitium
625 1461 670 1502 in
700 1458 945 1503 Bodleiano
976 1460 1141 1516 optimo
1171 1458 1372 1502 Platonis
1402 1458 1514 1502 libro
1543 1472 1648 1502 sae·-

106 1537 207 1592 pius
236 1535 606 1593 deprehendimus
647 1548 778 1591 quam
817 1534 1041 1578 literarum
1079 1536 1194 1578 inter
1223 1549 1273 1577 se
1303 1534 1646 1591 copulandarum

106 1610 443 1654 disiunctionem
487 1616 533 1654 et
560 1609 786 1653 literarum
823 1611 938 1653 inter
968 1623 1018 1653 se
1048 1609 1431 1667 disiungendarum
1462 1609 1647 1667 copula-

105 1688 271 1731 tionem
284 1720 297 1743 ,
327 1688 373 1731 id
389 1687 511 1744 quod
535 1702 560 1731 e
585 1689 738 1745 paucis
769 1686 987 1744 exemplis
1013 1685 1315 1730 demonstrare
1340 1700 1487 1729 conor.
1508 1684 1646 1742 soph.

105 1778 149 1820 p.
167 1764 263 1806 181.
285 1764 338 1805 17
370 1762 503 1806 Bkk.:
533 1757 676 1819 sitm,-
712 1762 749 1807 21
770 1765 813 1806 A
841 1767 885 1805 et
912 1776 977 1819 pr.
999 1765 1050 1805 Π
1074 1761 1291 1818 praebent
1318 1758 1358 1804 εἰ
1377 1754 1476 1818 τήν;
1509 1760 1645 1804 Lach.

104 1853 148 1896 p.
175 1839 272 1882 286.
304 1838 353 1881 6:
392 1833 539 1887 αὐτοῖς
569 1833 648 1891 ἵν’,·
693 1837 731 1882 Ἃ
761 1831 976 1893 auicolae-m
1033 1835 1169 1894 Soph.
1198 1851 1241 1894 p.
1265 1837 1364 1880 196.
1398 1838 1474 1883 11:
1513 1828 1644 1880 e’vov‘c’

106 1909 229 1971 αὐτῷ
242 1930 256 1967 ‚·
301 1915 340 1960 21
369 1909 465 1958 ἐνὸν
494 1907 656 1969 ταύτῷ.
713 1912 816 1956 Non
852 1927 953 1956 raro
994 1914 1125 1956 etiam
1163 1913 1345 1968 accidit,
1388 1918 1439 1956 ut
1475 1913 1645 1967 literae,

104 1996 416 2048 praeterquam
444 1988 566 2045 quod
596 2003 722 2033 suum
752 2003 841 2031 non
870 1993 1024 2032 tenent
1051 1988 1219 2044 locum,
1249 2002 1310 2032 ex
1339 1988 1489 2045 aliqua
1517 1993 1645 2045 parte

104 2070 301 2108 mutatae
331 2066 443 2117 sint3
460 2064 530 2107 of.
548 2062 684 2121 Soph.
712 2078 754 2120 p.
775 2064 870 2107 170.
901 2064 952 2106 9:
982 2058 1082 2108 ἀλλ’
1098 2061 1139 2107 εἰ
1159 2063 1356 2122 σπουδῇ-ς
1386 2063 1483 2109 &A
1507 2057 1647 2119 ἄλλης

104 2155 194 2184 που
224 2131 308 2198 δῆς
345 2139 533 2184 Theaet.
572 2154 615 2197 p.
648 2140 744 2183 199.
777 2140 861 2182 19:
915 2137 990 2182 καὶ
1021 2136 1174 2193 μένοι,
1205 2141 1249 2183 Δ
1276 2136 1493 2192 κείμενοι,·
1521 2136 1645 2181 ibid.

103 2229 146 2273 p.
179 2215 276 2258 266.
308 2215 393 2259 20:
440 2210 495 2272 δὴ
525 2208 785 2273 ἠρωτῶμεν,
828 2214 927 2260 QIA
964 2219 1011 2258 et
1045 2228 1109 2271 pr.
1136 2213 1207 2266 Π,
1246 2207 1301 2270 δὴ
1333 2207 1515 2273 πρώτωι
1550 2210 1642 2267 μέν.

105 2290 280 2335 Charm.
310 2305 354 2348 p.
378 2290 478 2335 303.
504 2292 554 2334 1:
597 2283 699 2347 ἦκον
727 2287 829 2345 μέν,
860 2290 953 2336 21&
987 2284 1171 2348 ἥκομεν,·
1215 2287 1352 2346 Soph.
1376 2303 1418 2346 p.
1442 2289 1541 2333 206.
1570 2288 1644 2331 10:

103 2364 142 2412 εἰ
160 2364 416 2420 συνέχοντα,
440 2368 485 2410 Δ
500 2363 781 2420 εἰςενέχοντα.
811 2364 1033 2422 Equidem
1054 2364 1191 2409 hosce
1214 2364 1338 2408 locos
1361 2362 1644 2422 seiungendis

104 2443 243 2486 literis
275 2441 574 2486 emendandos
605 2455 709 2486 ease
737 2447 874 2498 puto:
965 2486 967 2489 .

221 2515 398 2560 Charm.
428 2529 470 2573 p.
501 2515 584 2559 159
622 2515 688 2558 D:
734 2513 833 2560 εἰπὲ
868 2509 949 2573 γάρ
985 2529 1085 2570 μοι,
1125 2508 1175 2559 οὐ
1203 2514 1292 2558 τῶν
1323 2513 1466 2557 καλῶν
1492 2510 1644 2568 μέντοι

103 2587 131 2648 ἠ
160 2587 429 2650 σωφροσύνη
458 2590 577 2644 god,-
612 2583 736 2636 Πάνυ
759 2608 828 2649 γε,
859 2587 962 2649 ἔφη.
1007 2582 1203 2647 Πότερον
1233 2581 1308 2633 οὖν
1338 2583 1580 2635 κάλλιστον
1598 2585 1644 2631 ἐν

101 2668 438 2727 γραμματιστοῦ
458 2663 514 2712 τοὶ
533 2662 669 2717 ὅμοια
691 2661 932 2724 γράμματα
945 2661 1132 2723 γράφειν
1145 2659 1256 2718 ταχὺ
1276 2657 1304 2721 ἢ
1319 2658 1479 2722 ἡσυχῇ,·
1507 2659 1642 2718 Ταχύ.

110 2741 166 2787 Τι’
197 2737 600 2800 δ’ἆναγιγνώσκειν;
634 2739 802 2796 ταχέως
831 2734 860 2799 ἢ
887 2740 1092 2799 βραδέως
1120 2755 1162 2781 κ.
1185 2755 1225 2782 τ.
1251 2738 1294 2782 λ.
1338 2737 1643 2796 Superlativus
